@inproceedings{Shvachko:2010:HDF:1913798.1914427,
 author = {Shvachko, Konstantin and Kuang, Hairong and Radia, Sanjay and Chansler, Robert},
 title = {The Hadoop Distributed File System},
 booktitle = {Proceedings of the 2010 IEEE 26th Symposium on Mass Storage Systems and Technologies (MSST)},
 series = {MSST '10},
 year = {2010},
 isbn = {978-1-4244-7152-2},
 pages = {1--10},
 numpages = {10},
 url = {http://dx.doi.org/10.1109/MSST.2010.5496972},
 doi = {10.1109/MSST.2010.5496972},
 acmid = {1914427},
 publisher = {IEEE Computer Society},
 address = {Washington, DC, USA},
} 

@inproceedings{Ghemawat:2003:GFS:945445.945450,
 author = {Ghemawat, Sanjay and Gobioff, Howard and Leung, Shun-Tak},
 title = {The Google File System},
 booktitle = {Proceedings of the Nineteenth ACM Symposium on Operating Systems Principles},
 series = {SOSP '03},
 year = {2003},
 isbn = {1-58113-757-5},
 location = {Bolton Landing, NY, USA},
 pages = {29--43},
 numpages = {15},
 url = {http://doi.acm.org/10.1145/945445.945450},
 doi = {10.1145/945445.945450},
 acmid = {945450},
 publisher = {ACM},
 address = {New York, NY, USA},
 keywords = {clustered storage, data storage, fault tolerance, scalability},
} 

@article{Ghemawat:2003:GFS:1165389.945450,
 author = {Ghemawat, Sanjay and Gobioff, Howard and Leung, Shun-Tak},
 title = {The Google File System},
 journal = {SIGOPS Oper. Syst. Rev.},
 issue_date = {December 2003},
 volume = {37},
 number = {5},
 month = oct,
 year = {2003},
 issn = {0163-5980},
 pages = {29--43},
 numpages = {15},
 url = {http://doi.acm.org/10.1145/1165389.945450},
 doi = {10.1145/1165389.945450},
 acmid = {945450},
 publisher = {ACM},
 address = {New York, NY, USA},
 keywords = {clustered storage, data storage, fault tolerance, scalability},
} 
